@inproceedings{understand,
  title={Understanding the difficulty of training deep feedforward neural networks},
  author={Glorot, Xavier and Bengio, Yoshua},
  booktitle={Proceedings of the Thirteenth International Conference on Artificial Intelligence and Statistics},
  pages={249--256},
  year={2010}
}

@article{mnist,
	title={The MNIST database of handwritten digits},
	author={LeCun, Yann},
	journal={http://yann.lecun.com/exdb/mnist/},
	year={1998}
}

@article{swish,
	title={Searching for activation functions},
	author={Ramachandran, Prajit and Zoph, Barret and Le, Quoc V},
	year={2018}
}

@misc{kerasvis
  title={keras-vis},
  author={Kotikalapudi, Raghavendra and contributors},
  year={2017},
  publisher={GitHub},
  howpublished={\url{https://github.com/raghakot/keras-vis}},
}